@inproceedings{Pousa-SBAC-2009,
  author = {Christiane Pousa Ribeiro and Jean-Fran\c{c}ois M{\'e}haut and Alexandre Carissimi and M{\'a}rcio Castro and Luiz Gustavo Fernandes},
  title = {{Memory Affinity for Hierarchical Shared Memory Multiprocessors}},
  booktitle = {International Symposium on Computer Architecture and High Performance Computing (SBAC-PAD)},
  year = {2009},
  pages = {59-66},
  publisher = {IEEE Computer Society},
  isbn = {978-0-7695-3857-0},
  location = {S\~ao Paulo, Brazil},
}

@article{LARUS08,
address = {New York, USA},
author = {Larus, James and Kozyrakis, Christos},
doi = {10.1145/1364782.1364800},
issn = {0001-0782},
journal = {Communications of ACM},
mendeley-groups = {Transactional Memory},
number = {7},
pages = {80--88},
publisher = {ACM},
title = {{Transactional Memory: Is TM the Answer for Improving Parallel Programming?}},
volume = {51},
year = {2008}
}

@inproceedings{McKee-MemWall:2004,
address = {Ischia, Italy},
author = {McKee, Sally A},
booktitle = {Conference on Computing Frontiers},
doi = {10.1145/977091.977115},
isbn = {1-58113-741-9},
keywords = {memory performance,system balance},
pages = {162--168},
publisher = {ACM},
title = {{Reflections on the Memory Wall}},
year = {2004}
}

@article{Asanovic09,
author = {Asanovic, Krste and Bodik, Rastislav and Demmel, James and Keaveny, Tony and Keutzer, Kurt and Kubiatowicz, John and Morgan, Nelson and Patterson, David and Sen, Koushik and Wawrzynek, John and Wessel, David and Yelick, Katherine},
doi = {10.1145/1562764.1562783},
journal = {Communications of the ACM},
number = {10},
pages = {56--67},
title = {{A View of the Parallel Computing Landscape}},
volume = {52},
year = {2009}
}

@article{Carino2008a,
	author    = {Cari{\~{n}}o, Ricolindo and Banicescu, Ioana},
	doi       = {10.1007/s11227-007-0148-y},
	file      = {:home/ppenna/.local/share/data/Mendeley Ltd./Mendeley Desktop/Downloaded/Cari{\~{n}}o, Banicescu - 2008 - Dynamic Load Balancing with Adaptive Factoring Methods in Scientific Applications.pdf:pdf},
	journal   = {Journal of Supercomputing (Supercomputing)},
	number    = {1},
	pages     = {41--63},
	publisher = {Springer US},
	title     = {{Dynamic Load Balancing with Adaptive Factoring Methods in Scientific Applications}},
	volume    = {44},
	year     = {2008}
}

